/home/pl/doc/casiano/PERLBIB/perl.bib